% This file was created with JabRef 2.10.
% Encoding: Cp1252


@Article{Yazdani2013,
  Title                    = {Multimedia content analysis for emotional characterization of music video clips},
  Author                   = {Ashkan Yazdani and Evangelos Skodras and Nikolaos Fakotakis and Touradj Ebrahimi},
  Journal                  = {EURASIP Journal on Image and Video Processing},
  Year                     = {2013},
  Number                   = {26},
}


@InProceedings{Kalayci2014,
  Title                    = {Automatic analysis of facial attractiveness from video},
  Author                   = {Sacide Kalayci and Hazim Kemal Ekenel and Hatice Gunes},
  Booktitle                = {IEEE ICIP International Conference on Image Processing},
  Year                     = {2014},
  Pages                    = {4191--4195},
}



@InProceedings{Dhar2011,
  Title                    = {High level describable attributes for predicting aesthetics and interestingness},
  Author                   = {Sagnik Dhar and Vicente Ordonez and Tamara L Berg},
  Booktitle                = {IEEE International Conference on Computer Vision and Pattern Recognition},
  Year                     = {2011},
}



@Article{Bylinskii2015,
  Title                    = {Intrinsic and extrinsic effects on image memorability},
  Author                   = {Zoya Bylinskii and Phillip Isola and Constance Bainbridge and Antonio Torralba and Aude Oliva},
  Journal                  = {Vision research},
  Year                     = {2015},
  Number                   = {116},
  pages                    = {165--178},
}


@InProceedings{Danelljan2014,
  Title                    = {Accurate scale estimation for robust visual tracking},
  Author                   = {Martin Danelljan and Gustav Hager and Fahad Shahbaz Khan and Michael Felsberg},
  Booktitle                = {British Machine Vision Conference},
  Year                     = {2014},
}



@Article{Oliva2001,
  Title                    = {Modeling the shape of the scene: a holistic representation of the spatial envelope},
  Author                   = {A. Oliva and A. Torralba},
  Journal                  = {International Journal of Computer Vision},
  Year                     = {2001},
  Number                   = {42},
  Pages                    = {145--175},
}


@Article{Ojala2002,
  Title                    = {Multiresolution gray-scale and rotation invariant texture classification with local binary patterns},
  Author                   = {T. Ojala and M. Pietikainen and T. Maenpaa},
  Journal                  = {IEEE Transactions on Pattern Analysis and Machine Intelligence},
  Year                     = {2002},
  Number                   = {24(7)},
  Pages                    = {971--987},
}


@InProceedings{Dalal2005,
  Title                    = {Histograms of oriented gradients for human detection},
  Author                   = {N. Dalal and B. Triggs},
  Booktitle                = {IEEE CVPR Conference on Computer Vision and Pattern Recognition},
  Year                     = {2005},
}



@InProceedings{Xiao2010,
  Title                    = {SUN database: Large-scale scene recognition from abbey to zoo},
  Author                   = {J. Xiao and J. Hays and K. Ehinger and A. Oliva and A. Torralba},
  Booktitle                = {IEEE CVPR Conference on Computer Vision and Pattern Recognition},
  Year                     = {2010},
  Pages                    = {3485--3492},
}



@Article{Lowe2004,
  Title                    = {Distinctive image features from scale-invariant keypoints},
  Author                   = {D. Lowe},
  Journal                  = {International Journal on Computer Vision},
  Year                     = {2004},
  Number                   = {60},
  Pages                    = {91-110},
}




@InProceedings{Lazebnik2006,
  Title                    = {Beyond bags of features: Spatial pyramid matching for recognizing natural scene categories},
  Author                   = {S. Lazebnik and C. Schmid and J. Ponce},
  Booktitle                = {IEEE CVPR Conference on Computer Vision and Pattern Recognition},
  Year                     = {2006},
  Pages                    = {2169--2178},
}



@InProceedings{Jiang2013,
  Title                    = {Understanding and Predicting Interestingness of Videos},
  Author                   = {Y-G. Jiang and Y. Wang and R. Feng and X. Xue and Y. Zheng and H. Yan},
  Booktitle                = {AAAI Conference on Artificial Intelligence},
  Year                     = {2013},
}



@InProceedings{Gygli2013,
  Title                    = {The Interestingness of Images},
  Author                   = {M. Gygli and H. Grabner and H. Riemenschneider and F. Nater and L. van Gool},
  Booktitle                = {ICCV International Conference on Computer Vision},
  Year                     = {2013},
}



@Article{Bradley,
  Title                    = {Rank Analysis of Incomplete Block Designs: the method of paired comparisons},
  Author                   = {R. A. Bradley and M. E. Terry},
  Journal                  = {Biometrika},
  Year                     = {1952},
  Number                   = {39 (3-4)},
  pages                    = {324--345},
  Owner                    = {duongq},
  Timestamp                = {2016.06.29}
}



@InProceedings{Li-SPIE2013,
  Title                    = {Boosting paired comparison methodology in measuring visual discomfort of 3DTV: performances of three different designs},
  Author                   = {Jing Li and Marcus Barkowsky and Patrick Le Callet},
  Booktitle                = {SPIE Electronic Imaging, Stereoscopic Displays and Applications},
  Year                     = {2013},
  Volume                   = {8648},
  Owner                    = {duongq},
  Timestamp                = {2016.06.29}
}

@Article{Jiang2015,
  Title                    = {Super Fast Event Recognition in Internet Videos},
  Author                   = {Yu-Gang Jiang and Qi Dai and Tao Mei and Yong Rui and Shih-Fu Chang},
  Journal                = {IEEE Transactions on Multimedia},
  Year                     = {2015},
  Volume                   = {177},
  Number                   = {8},
  Pages                    = {1--13},
  Owner                    = {demartyc},
  Timestamp                = {2016.06.29}
}

@Book{Berlyne1960,
author = {Daniel E. Berlyne},
title = {Conflict, arousal and curiosity},
publisher = {Mc-Graw-Hill},
year = {1960}
}

@Book{Silvia2006,
author = {Paul J. Silvia},
title = {Exploring the psychology of interest},
publisher = {Oxford University Press},
year = {2006}
}

@InProceedings{chamaret2016,
author = {Christel Chamaret and Claire-Hélène Demarty and Vincent Demoulin and Gwenaëlle Marquant},
title = {Experiencing the interestingness concept within and between pictures},
booktitle = {Proceeding of SPIE},
year = {2016},
series = {Human Vision and Electronic Imaging}
}

@Inbook{Amengual2015,
author="Amengual, Xesca
and Bosch, Anna
and de la Rosa, Josep Llu{\'i}s",
title="Review of Methods to Predict Social Image Interestingness and Memorability",
bookTitle="Computer Analysis of Images and Patterns: 16th International Conference,  Valletta, Malta, September 2-4, 2015 Proceedings, Part I",
year="2015",
publisher="Springer",
pages="64--76",
isbn="978-3-319-23192-1",
doi="10.1007/978-3-319-23192-1_6",
url="http://dx.doi.org/10.1007/978-3-319-23192-1_6"
}
@inproceedings{Soleymani2015,
 author = {Soleymani, Mohammad},
 title = {The Quest for Visual Interest},
 booktitle = {Proceedings of the 23rd ACM International Conference on Multimedia},
 year = {2015},
 isbn = {978-1-4503-3459-4},
 location = {Brisbane, Australia},
 pages = {919--922},
 numpages = {4},
 url = {http://doi.acm.org/10.1145/2733373.2806364},
 doi = {10.1145/2733373.2806364},
 acmid = {2806364},
 address = {New York, NY, USA},
 keywords = {appraisal, computer vision, crowdsourcing, emotion, interest},
} 
@inproceedings{Grabner2013,
 author = {Grabner, Helmut and Nater, Fabian and Druey, Michel and Van Gool, Luc},
 title = {Visual Interestingness in Image Sequences},
 booktitle = {Proceedings of the 21st ACM International Conference on Multimedia},
 year = {2013},
 isbn = {978-1-4503-2404-5},
 location = {Barcelona, Spain},
 pages = {1017--1026},
 numpages = {10},
 url = {http://doi.acm.org/10.1145/2502081.2502109},
 doi = {10.1145/2502081.2502109},
 acmid = {2502109},
 address = {New York, NY, USA},
 keywords = {computer vision, image understanding, visual interestingness},
} 
@inproceedings{Chu2013,
author = {Chu, Sharon Lynn and Fedorovskaya, Elena and Quek, Francis and Snyder, Jeffrey},
title = {
The effect of familiarity on perceived interestingness of images
},
journal = {Proc. SPIE},
volume = {8651},
number = {},
pages = {86511C-86511C-12},
year = {2013},
doi = {10.1117/12.2008551},
URL = { http://dx.doi.org/10.1117/12.2008551},
eprint = {}
}

@Article{Smith1985,
author = {Craig Smith and Phoebe Ellsworth},
title = {Patterns of cognitive appraisal in emotion},
journal = {Journal of Personality and Social Psychology},
year = {1985},
volume = {48},
number = {4},
pages = {813--838}
}

@inproceedings{Machajdik2010,
 author = {Machajdik, Jana and Hanbury, Allan},
 title = {Affective Image Classification Using Features Inspired by Psychology and Art Theory},
 booktitle = {Proceedings of the 18th ACM International Conference on Multimedia},
 year = {2010},
 isbn = {978-1-60558-933-6},
 location = {Firenze, Italy},
 pages = {83--92},
 numpages = {10},
 url = {http://doi.acm.org/10.1145/1873951.1873965},
 doi = {10.1145/1873951.1873965},
 acmid = {1873965},
 address = {New York, NY, USA},
 keywords = {art theory, emotional semantic image retrieval, image affect, image classification, image features, psychology},
} 

@inproceedings{demarty2016mediaeval,
  title={{MediaEval} 2016 Predicting Media Interestingness Task},
  author={Claire-H{\'e}l{\`e}ne Demarty and Mats Sj{\"o}berg and Bogdan Ionescu and Thanh-Toan Do and Hanli Wang and Ngoc Q.K. Duong and Fr{\'e}d{\'e}ric Lefebvre},
  booktitle={Proceedings of the MediaEval 2016 Workshop},
  year={2016},
  address = {Hilversum, Netherlands}
}
